@book{machinelearningbasic,
author = {Vũ Hữu Tiệp},
title = {Machine Learning cơ bản},
year = {2018}
}

@inproceedings{locnguyen2010modelbased,
author = {Do, Minh-Phung and Nguyen, Dung and of Loc Nguyen, Academic Network},
year = {2010},
month = {08},
pages = {},
title = {Model-based approach for Collaborative Filtering}
}